{1:F01AIGFUS33AXXX1451102538}{2:O9501956130625IRVTUS3NEAMS07522515151306251956N}{4:
:20:3113062500000057
:25:0110028400
:28C:352/1
:60F:C130624USD0,
:61:130625CD331,27NINTNONREF//0058394527
/ISIN/US31396UZU77/SHS/2200000,000
:62F:C130625USD0,
-}{5:{CHK:9F7566F81994}}{S:{COP:P}{INS:wltvspsaa1/SWIFTMQINBOUND}{UNT:None}{USR:sausswift}}