{1:F01AIGFUS33AXXX1451102538}{2:O9501956130625IRVTUS3NEAMS07522515151306251956N}{4:
:20:3113062500000057
:25:0110028400
:28C:352/1
:60F:C130624USD0,
:61:1306250625CD331,27NINTNONREF//0058394527
/ISIN/US31396UZU77/SHS/2200000,000
:61:1306250625CD684,56NINTNONREF//0059306691
/ISIN/US86363BAA35/SHS/2546000,000
:61:1306250625CD18901,03NPRNNONREF//0059306691
/ISIN/US86363BAA35/SHS/2546000,000
:61:1306250625CD74596,63NREDPSS1131764000591//1131764000591
/ISIN/US31396UZU77/SHS/2200000,000
:61:1306250625DD331,27NPCHGSF1306255274597//STI1306254902284
/ASTF/X9X9USDBMCR4/FMT/331,27
:61:1306250625DD94182,22NPCHGSF1306255273197//STI1306254901927
/ASTF/X9X9USDBMCR4/FMT/94182,22
:62F:C130625USD0,
-}{5:{CHK:9F7566F81994}}{S:{COP:P}{INS:wltvspsaa1/SWIFTMQINBOUND}{UNT:None}{USR:sausswift}}